1111111111111111111111111111111111111111111111111111111111111111111111111111111111111111111111111111111111111111111111
222222222222222222222222222222222222222222222222222222222222222222222222222222222222,222222222222222222222222222222222
33333333333333333333333333333333333333333333,3333333333333333333333333333333333333333333333333333333333333333333333333
44444444444444444444444444444444444444444444,4444444444444444444444444444444444444444444444444444444444444444444444444
5555555555555555555555555555555555555555555,55555555555555555555555555555555555555555555555555555555555555555555555555
6666666666666666666666666666666666666666666,66666666666666666666666666666666666666666666666666666666666666666666666666
7777777777777777777777777777777777777777777,77777777777777777777777777777777777777777777777777777777777777777777777777
8888888888888888888888888888888888888888888888888888888888888888888888888888888888888888888888888888888888888888888888
9999999999999999999999999999999999999999999999999999999999999999999999999999999999999999999999999999999999999999999999
1000000000000000000000000000000000000000000000000000000000000000000000000000000000000000000000000000000000000000000000
1111111111111111111111111111111111111111111111111111111111111111111111111111111111111111111111111111111111111111111111
1111111111111111111111111111111111111111111222222222222222222222222222222222222222222222222222222222222222222222222222
3333333333333333333333333333333333333333333333333333333333333333333333333333333333333333333333333333333333333333333333
3333333333333333333333333333333333333333333333333333333333333333333333333333333333333333333333333333333344444444444444
5555555555555555555555555555555555555555555555555555555555555555555555555555555555555555555555555555555555555555555555
6666666666666666666666666666666666666666666666666666666666666666666666666666666666666666666666666666666666666666666666
7777777777777777777777777777777777777777777777777777777777777777777777777777777777777777777777777777777777777777777777
8888888888888888888888888888888888888888888888888888888888888888888888888888888888888888888888888888888888888888888888
9999999999999999999999999999999999999999999999999999999999999999999999999999999999999999999999999999999999999999999999
1000000000000000000000000000000000000000000000000000000000000000000000000000000000000000000000000000000000000000000000
1111111111111111111111111111111111111111111111111111111111111111111111111111111111111111111111111111111111111111111111
2222222222222222222222222222222222222222222222222222222222222222222222222222222222222222222222222222222222222222222222
3333333333333333333333333333333333333333333333333333333333333333333333333333333333333333333333333333333333333333333333
4444444444444444444444444444444444444444444444444444444444444444444444444444444444444444444444444444444444444444444444
555555555555555555555555555555555555555555555555555555555555555555555555555555555555555555555555555555555555555555OJAS
REPUBLIC DAY REPUBLIC DAY REPUBLIC DAY REPUBLIC DAY REPUBLIC DAY REPUBLIC DAY REPUBLIC DAY REPUBLIC DAY REPUBLIC DAY26
2727272727272727272727272727272727272727272727272727272727272727272727272727272727272727272727272727272727272727272727
2828282828282828282828282828282828282828822828282828282828282828282828282828282828822828282828282828282828282828282828
2929292929292929292929292929292929292929292929292929292929292929292929292929292929292929292929292929292929292929292929
3030303030303303030303030330303030303033030303030303303030303030330303030303030303030303030330303030303033030303030303
3131313131313131313131313131313131313131313131313131313131313131313131313131313131313131313131313131313131313131313131
1111111111111111111111111111111111111111111111111111111111111111111111111111111111111111111111111111111111111111111111
2222222222222222222222222222222222222222222222222222222222222222222222222222222222222222222222222222222222222222222222
3333333333333333333333333333333333333333333333333333333333333333333333333333333333333333333333333333333333333333333333
4444444444444444444444444444444444444444444444444444444444444444444444444444444444444444444444444444444444444444444444
5555555555555555555555555555555555555555555555555555555555555555555555555555555555555555555555555555555555555555555555
6666666666666666666666666666666666666666666666666666666666666666666666666666666666666666666666666666666666666666666666
7777777777777777777777777777777777777777777777777777777777777777777777777777777777777777777777777777777777777777777777
8888888888888888888888888888888888888888888888888888888888888888888888888888888888888888888888888888888888888888888888
9999999999999999999999999999999999999999999999999999999999999999999999999999999999999999999999999999999999999999999999
1010101010101010101011010101010101010101011010101010101010101011010101010101010101011010101010101010101010101010101010
1111111111111111111111111111111111111111111111111111111111111111111111111111111111111111111111111111111111111111111111
1212121212121212121212121212121212121212121212121212121212121212121212121212121212121212121212121212121212121211212121
1313131311311331313313133131313133133313113313131313133133133113131313131313131333313113131333113131311131331313131311
1414141414144414141414111144141114414114141114141441414144141414141414114111111111144444411144411111114444441111111414
1551551515115151515151515151515151515151515151515151515151515151515151511515151515151515151515151515151515151515151515
1616161616161616161611616161616161616161616161616161616161616161616161161616161616161616161616161161616161616161616161
1717171717171717171717171717171717171717171711171717171717177171717171717177117171717171717171717171717177171717171717
1818818181818888888888888888881111111111111111111111111118888888888888888888888811111111111111111111118888888888888888
2020202020202020202020202020202022020202022020202020202020202202020202020202020202020202020202020202020202022020202020
21212121212222221111111122222222221111111111111122222222222221111111112222222221
