1111111111111111111111111111111111111111111111111111111111111111111111111111111111111111111111111111111111111111111111
222222222222222222222222222222222222222222222222222222222222222222222222222222222222,222222222222222222222222222222222
33333333333333333333333333333333333333333333,3333333333333333333333333333333333333333333333333333333333333333333333333
44444444444444444444444444444444444444444444,4444444444444444444444444444444444444444444444444444444444444444444444444
5555555555555555555555555555555555555555555,55555555555555555555555555555555555555555555555555555555555555555555555555
6666666666666666666666666666666666666666666,66666666666666666666666666666666666666666666666666666666666666666666666666
7777777777777777777777777777777777777777777,77777777777777777777777777777777777777777777777777777777777777777777777777
8888888888888888888888888888888888888888888888888888888888888888888888888888888888888888888888888888888888888888888888
9999999999999999999999999999999999999999999999999999999999999999999999999999999999999999999999999999999999999999999999
1000000000000000000000000000000000000000000000000000000000000000000000000000000000000000000000000000000000000000000000
1111111111111111111111111111111111111111111111111111111111111111111111111111111111111111111111111111111111111111111111
1111111111111111111111111111111111111111111222222222222222222222222222222222222222222222222222222222222222222222222222
3333333333333333333333333333333333333333333333333333333333333333333333333333333333333333333333333333333333333333333333
3333333333333333333333333333333333333333333333333333333333333333333333333333333333333333333333333333333344444444444444
5555555555555555555555555555555555555555555555555555555555555555555555555555555555555555555555555555555555555555555555
6666666666666666666666666666666666666666666666666666666666666666666666666666666666666666666666666666666666666666666666
7777777777777777777777777777777777777777777777777777777777777777777777787777777777777777777777777777777777777777777777
8888888888888888888888888888888888888888888888888888888888888888888888888888888888888888888888888888888888888888888888
9999999999999999999999999999999999999999999999999999999999999999999999999999999999999999999999999999999999999999999999
1000000000000000000000000000000000000000000000000000000000000000000000000000000000000000000000000000000000000000000000
1111111111111111111111111111111111111111111111111111111111111111111111111111111111111111111111111111111111111111111111
2222222222222222222222222222222222222222222222222222222222222222222222222222222222222222222222222222222222222222222222
3333333333333333333333333333333333333333333333333333333333333333333333333333333333333333333333333333333333333333333333
4444444444444444444444444444444444444444444444444444444444444444444444444444444444444444444444444444444444444444444444
555555555555555555555555555555555555555555555555555555555555555555555555555555555555555555555555555555555555555555OJAS
REPUBLIC DAY REPUBLIC DAY REPUBLIC DAY REPUBLIC DAY REPUBLIC DAY REPUBLIC DAY REPUBLIC DAY REPUBLIC DAY REPUBLIC DAY26
2727272727272727272727272727272727272727272727272727272727272727272727272727272727272727272727272727272727272727272727
2828282828282828282828282828282828282828822828282828282828282828282828282828282828822828282828282828282828282828282828
2929292929292929292929292929292929292929292929292929292929292929292929292929292929292929292929292929292929292929292929
3030303030303303030303030330303030303033030303030303303030303030330303030303030303030303030330303030303033030303030303
3131313131313131313131313131313131313131313131313131313131313131313131313131313131313131313131313131313131313131313131
1111111111111111111111111111111111111111111111111111111111111111111111111111111111111111111111111111111111111111111111
2222222222222222222222222222222222222222222222222222222222222222222222222222222222222222222222222222222222222222222222
3333333333333333333333333333333333333333333333333333333333333333333333333333333333333333333333333333333333333333333333
4444444444444444444444444444444444444444444444444444444444444444444444444444444444444444444444444444444444444444444444
555555555555555555555555555555555555555555555555555555555555555555555555555555555555555555
